<record><leader>00000cas a2200000 a 4500</leader><controlfield tag="001">17023571</controlfield><controlfield tag="008">871124d18891890wauwr ne      0    0eng d</controlfield><datafield ind1=" " ind2=" " tag="010"><subfield code="a">sn 87093129 </subfield></datafield><datafield ind1=" " ind2=" " tag="040"><subfield code="a">SLZ</subfield><subfield code="b">eng</subfield><subfield code="c">SLZ</subfield><subfield code="d">CNK</subfield><subfield code="d">OCL</subfield><subfield code="d">OCLCQ</subfield><subfield code="d">OCLCF</subfield><subfield code="d">OCLCO</subfield></datafield><datafield ind1="1" ind2=" " tag="029"><subfield code="a">AU@</subfield><subfield code="b">000025839945</subfield></datafield><datafield ind1=" " ind2=" " tag="042"><subfield code="a">msc</subfield></datafield><datafield ind1=" " ind2=" " tag="043"><subfield code="a">n-us-wa</subfield></datafield><datafield ind1="0" ind2=" " tag="130"><subfield code="a">Weekly courier (Kelso, Wash.)</subfield></datafield><datafield ind1="1" ind2="4" tag="245"><subfield code="a">The weekly courier.</subfield></datafield><datafield ind1=" " ind2=" " tag="260"><subfield code="a">Kelso, Wash. :</subfield><subfield code="b">A. Gunn</subfield></datafield><datafield ind1=" " ind2=" " tag="300"><subfield code="a">v.</subfield></datafield><datafield ind1=" " ind2=" " tag="310"><subfield code="a">Weekly</subfield></datafield><datafield ind1="0" ind2=" " tag="362"><subfield code="a">1st year, no. 26 (Mar. 22, 1889)-</subfield></datafield><datafield ind1="1" ind2=" " tag="362"><subfield code="a">Ceased in Sept. 1890.</subfield></datafield><datafield ind1=" " ind2="0" tag="651"><subfield code="a">Kelso (Wash.)</subfield><subfield code="v">Newspapers.</subfield></datafield><datafield ind1=" " ind2="7" tag="655"><subfield code="a">Newspapers.</subfield><subfield code="2">fast</subfield><subfield code="0">(OCoLC)fst01423814</subfield></datafield><datafield ind1=" " ind2="7" tag="651"><subfield code="a">Washington (State)</subfield><subfield code="z">Kelso.</subfield><subfield code="2">fast</subfield><subfield code="0">(OCoLC)fst01220829</subfield></datafield><datafield ind1=" " ind2=" " tag="752"><subfield code="a">United States</subfield><subfield code="b">Washington</subfield><subfield code="c">Cowlitz</subfield><subfield code="d">Kelso.</subfield></datafield><datafield ind1="0" ind2="0" tag="780"><subfield code="t">Kelso courier</subfield><subfield code="w">(DLC)sn 87093128</subfield></datafield><datafield ind1="0" ind2="0" tag="785"><subfield code="t">Kelso weekly courier</subfield><subfield code="w">(DLC)sn 94052636</subfield></datafield></record>